@article{merlin2015tgax,
	title={TGax simulation scenarios},
	author={Merlin, S and Barriac, G and Sampath, H and Cariou, L and Derham, T and Le Rouzic, JP and Stacey, R and Park, M and Porat, R and Jindal, N and others},
	journal={doc.: IEEE},
	pages={802--11},
	year={2015}
}

@article{wilhelmi2017collaborative,
  title={Collaborative Spatial Reuse in Wireless Networks via Selfish Multi-Armed Bandits},
  author={Wilhelmi, Francesc and Cano, Cristina and Neu, Gergely and Bellalta, Boris and Jonsson, Anders and Barrachina-Mu{\~n}oz, Sergio},
  journal={arXiv preprint arXiv:1710.11403},
  year={2017}
}