@article{bellalta2017throughput,
	title={Throughput Analysis in High Density WLANs},
	author={Bellalta, Boris},
	journal={IEEE Communications Letters},
	volume={21},
	number={3},
	pages={592--595},
	year={2017},
	publisher={IEEE}
}

@article{wilhelmi2017collaborative,
	title={Collaborative Spatial Reuse in Wireless Networks via Selfish Bandits},
	author={Wilhelmi, Francesc and Bellalta, Boris and Cano, Cristina, Jonsson, Anders, Neu, Gergely and Barrachina, Sergio},
	journal={arXiv preprint arXiv:1705.10508},
	year={2017}
}

@inproceedings{chen2010distributed,
	title={A distributed access point selection algorithm based on no-regret learning for wireless access networks},
	author={Chen, Lin},
	booktitle={Vehicular Technology Conference (VTC 2010-Spring), 2010 IEEE 71st},
	pages={1--5},
	year={2010},
	organization={IEEE}
}

@article{merlin2015tgax,
	title={TGax simulation scenarios},
	author={Merlin, S and Barriac, G and Sampath, H and Cariou, L and Derham, T and Le Rouzic, JP and Stacey, R and Park, M and Porat, R and Jindal, N and others},
	journal={doc.: IEEE},
	pages={802--11},
	year={2015}
}

@article{barrachina2018performance,
	title={Performance Analysis of Dynamic Channel Bonding in Spatially Distributed High Density WLANs},
	author={Barrachina-Mu{\~n}oz, Sergio and Wilhelmi, Francesc and Bellalta, Boris},
	journal={arXiv preprint arXiv:1801.00594},
	year={2018}
}

@inproceedings{afaqui2015evaluation,
	title={Evaluation of dynamic sensitivity control algorithm for {IEEE} 802.11 ax},
	author={Afaqui, M Shahwaiz and Garcia-Villegas, Eduard and Lopez-Aguilera, Elena and Smith, Graham and Camps, Daniel},
	booktitle={Wireless Communications and Networking Conference (WCNC), 2015 IEEE},
	pages={1060--1065},
	year={2015},
	organization={IEEE}
}

@article{maghsudi2015joint,
	title={Joint channel selection and power control in infrastructureless wireless networks: A multiplayer multiarmed bandit framework},
	author={Maghsudi, Setareh and Sta{\'n}czak, S{\l}awomir},
	journal={IEEE Transactions on Vehicular Technology},
	volume={64},
	number={10},
	pages={4565--4578},
	year={2015},
	publisher={IEEE}
}

@techreport{komondor,
	title={Komondor Simulator},
	author={Barrachina, Sergio and Wilhelmi, Francesc},
	year={2017},
	institution={Universitat Pompeu Fabra}
}

@article{akella2007self,
	title={Self-management in chaotic wireless deployments},
	author={Akella, Aditya and Judd, Glenn and Seshan, Srinivasan and Steenkiste, Peter},
	journal={Wireless Networks},
	volume={13},
	number={6},
	pages={737--755},
	year={2007},
	publisher={Springer-Verlag New York, Inc.}
}

@article{maghsudi2015channel,
	title={Channel selection for network-assisted {D2D} communication via no-regret bandit learning with calibrated forecasting},
	author={Maghsudi, Setareh and Sta{\'n}czak, S{\l}awomir},
	journal={IEEE Transactions on Wireless Communications},
	volume={14},
	number={3},
	pages={1309--1322},
	year={2015},
	publisher={IEEE}
}

@inproceedings{auer1995gambling,
	title={Gambling in a rigged casino: The adversarial multi-armed bandit problem},
	author={Auer, Peter and Cesa-Bianchi, Nicol\'o and Freund, Yoav and Schapire, Robert E},
	booktitle={Foundations of Computer Science, 1995. Proceedings., 36th Annual Symposium on},
	pages={322--331},
	year={1995},
	organization={IEEE}
}

@techreport{jain1999throughput,
	title={Throughput fairness index: An explanation},
	author={J. R.},
	year={1999},
	institution={Tech. rep., Department of CIS, The Ohio State University}
}

@article{bellalta2016ax,
	title={{IEEE} 802.11 ax: High-efficiency {WLAN}s},
	author={Bellalta, Boris},
	journal={IEEE Wireless Communications},
	volume={23},
	number={1},
	pages={38--46},
	year={2016},
	publisher={IEEE}
}

@inproceedings{wilhelmi2017implications,
	title={Implications of decentralized Q-learning resource allocation in wireless networks},
	author={Wilhelmi Roca, Francesc and Bellalta, Boris and Cano Bastidas, Cristina and Jonsson, Anders},
	booktitle={2017 IEEE 28th Annual International Symposium on Personal, Indoor, and Mobile Radio Communications (PIMRC); 2017 Oct 8-13; Montreal, Canada. Piscataway (NJ): IEEE; 2017.[5 p.].},
	year={2017},
	organization={Institute of Electrical and Electronics Engineers (IEEE)}
}

@article{thompson1933likelihood,
	title={On the likelihood that one unknown probability exceeds another in view of the evidence of two samples},
	author={Thompson, William R},
	journal={Biometrika},
	volume={25},
	number={3/4},
	pages={285--294},
	year={1933},
	publisher={JSTOR}
}

@inproceedings{bennis2010q,
	title={A Q-learning based approach to interference avoidance in self-organized femtocell networks},
	author={Bennis, Mehdi and Niyato, Dusit},
	booktitle={GLOBECOM Workshops (GC Wkshps), 2010 IEEE},
	pages={706--710},
	year={2010},
	organization={IEEE}
}

@inproceedings{agrawal2013further,
	title={Further optimal regret bounds for thompson sampling},
	author={Agrawal, Shipra and Goyal, Navin},
	booktitle={Artificial Intelligence and Statistics},
	pages={99--107},
	year={2013}
}

@draft{tgax2017draft,
	title={{IEEE} P802.11ax/D2.0},
	year={September 2017},
	pages={}
}

@article{smith2015dynamic,
	title={Dynamic sensitivity control-v2},
	author={Smith, G},
	journal={IEEE},
	volume={802},
	pages={802--11},
	year={2015}
}

@inproceedings{sallent2015learning,
	title={Learning-based coexistence for LTE operation in unlicensed bands},
	author={Sallent, Oriol and P{\'e}rez-Romero, Jordi and Ferr{\'u}s, Ramon and Agust{\'\i}, Ram{\'o}n},
	booktitle={Communication Workshop (ICCW), 2015 IEEE International Conference on},
	pages={2307--2313},
	year={2015},
	organization={IEEE}
}

@article{nie1999q,
	title={A Q-learning-based dynamic channel assignment technique for mobile communication systems},
	author={Nie, Junhong and Haykin, Simon},
	journal={IEEE Transactions on Vehicular Technology},
	volume={48},
	number={5},
	pages={1676--1687},
	year={1999},
	publisher={IEEE}
}

@inproceedings{li2009multi,
	title={Multi-agent Q-learning of channel selection in multi-user cognitive radio systems: A two by two case},
	author={Li, Husheng},
	booktitle={Systems, Man and Cybernetics, 2009. SMC 2009. IEEE International Conference on},
	pages={1893--1898},
	year={2009},
	organization={IEEE}
}

@inproceedings{rupasinghe2015reinforcement,
	title={Reinforcement learning for licensed-assisted access of LTE in the unlicensed spectrum},
	author={Rupasinghe, Nadisanka and G{\"u}ven{\c{c}}, {\.I}smail},
	booktitle={Wireless Communications and Networking Conference (WCNC), 2015 IEEE},
	pages={1279--1284},
	year={2015},
	organization={IEEE}
}

@inproceedings{bennis2011distributed,
	title={Distributed learning strategies for interference mitigation in femtocell networks},
	author={Bennis, Mehdi and Guruacharya, Sudarshan and Niyato, Dusit},
	booktitle={Global Telecommunications Conference (GLOBECOM 2011), 2011 IEEE},
	pages={1--5},
	year={2011},
	organization={IEEE}
}

@article{anandkumar2011distributed,
	title={Distributed algorithms for learning and cognitive medium access with logarithmic regret},
	author={Anandkumar, Animashree and Michael, Nithin and Tang, Ao Kevin and Swami, Ananthram},
	journal={IEEE Journal on Selected Areas in Communications},
	volume={29},
	number={4},
	pages={731--745},
	year={2011},
	publisher={IEEE}
}

@article{liu2010distributed,
	title={Distributed learning in multi-armed bandit with multiple players},
	author={Liu, Keqin and Zhao, Qing},
	journal={IEEE Transactions on Signal Processing},
	volume={58},
	number={11},
	pages={5667--5681},
	year={2010},
	publisher={IEEE}
}

@inproceedings{rosenski2016multi,
	title={Multi-player bandits--a musical chairs approach},
	author={Rosenski, Jonathan and Shamir, Ohad and Szlak, Liran},
	booktitle={International Conference on Machine Learning},
	pages={155--163},
	year={2016}
}

@inproceedings{auer1995gambling,
	title={Gambling in a rigged casino: The adversarial multi-armed bandit problem},
	author={Auer, Peter and Cesa-Bianchi, Nicolo and Freund, Yoav and Schapire, Robert E},
	booktitle={Foundations of Computer Science, 1995. Proceedings., 36th Annual Symposium on},
	pages={322--331},
	year={1995},
	organization={IEEE}
}

@article{ieee2015qam,
	title={{IEEE} 802.11-15/1070r4 - 1024 {QAM} Proposal},
	author={},
	journal={IEEE},
	volume={802},
	pages={802--11},
	year={2015}
}

@inproceedings{ergin2007understanding,
	title={Understanding the effect of access point density on wireless LAN performance},
	author={Ergin, Mesut Ali and Ramachandran, Kishore and Gruteser, Marco},
	booktitle={Proceedings of the 13th annual ACM international conference on Mobile computing and networking},
	pages={350--353},
	year={2007},
	organization={ACM}
}

@misc{fwilhelmi2018code,
	author = {Wilhelmi, Francesc},
	title = {Potentials and Pitfalls of Decentralized Spatial Reuse},
	year = {2018},
	publisher = {Bitbucket},
	journal = {Bitbucket repository},
	howpublished = {\url{https://github.com/fwilhelmi/potential_pitfalls_mabs_spatial_reuse}\\ Commit: e761e6e},
	commit = {e761e6ec7a8ce4ccb7fd36800c346951239890ab}
}